@ARTICLE{browne, 
author={Browne, C.B. and Powley, E. and Whitehouse, D. and Lucas, S.M. and Cowling, P.I. and Rohlfshagen, P. and Tavener, S. and Perez, D. and Samothrakis, S. and Colton, S.}, 
journal={Computational Intelligence and AI in Games, IEEE Transactions on}, 
title={A Survey of Monte Carlo Tree Search Methods}, 
year={2012}, 
volume={4}, 
number={1}, 
pages={1-43},
doi={10.1109/TCIAIG.2012.2186810}, 
ISSN={1943-068X}, 
month={March},}

,@incollection{kocsis,
  title={Bandit based monte-carlo planning},
  author={Kocsis, Levente and Szepesv{\'a}ri, Csaba},
  booktitle={Machine Learning: ECML 2006},
  pages={282--293},
  year={2006},
  publisher={Springer}
}

@book{aima,
  author    = {Russell, Stuart J. and Norvig, Peter},
  title     = {Artificial intelligence : A Modern Approach},
  address   = {Upper Saddle River, N.J.},
  publisher = {Pearson Education},
  year      = {cop. 2010.},
  note      = {Previous ed.: Upper Saddle River, N.J.: Prentice Hall, 2003.},
  annote    = {Keywords: Artificial intelligence.},
  annote    = {Keywords: teko√§ly},
  annote    = {Keywords: artificiell intelligens},
  bibdate   = {20141015220024}
}